@Book
{
    book_2004,
	author = {Helmut. KOPKA and Patrick W. DALY},
	title = {Guide to {\LaTeX}},
	publisher = {Addison-Wesley},
	address = {Boston},
	year = {2004},
	edition = {4},
	ISBN = {0321173856},
}

@Book
{
    book_2011,
    author = {Stefan KOTTWITZ},
    title = {{\LaTeX} beginner's guide},
    publisher = {Packt Publishing},
    address = {Mumbai},
    year = {2011},
    edition = {1},
    ISBN = {1847199860},
}

@Misc
{
    programujte.com,
	author = {Martin ŠIMEČEK},
	title = {LaTeX 1.\,--\,Co to je a proč se ho chtít učit?},
	howpublished = {[online]},
	year = {rev. 21. srpna 2013},
	note = {[vid. 2021-04-19]},
	URL = {http://programujte.com/clanek/2013080500},
}

@Misc
{
    oestrem.com,
	author = {Eyolf ØSTREM},
	title = {LaTeX vs. Word vs. Writer},
	howpublished = {[online]},
	year = {rev. 15. května 2007},
	note = {[vid. 2021-04-19]},
	URL = {http://oestrem.com/thingstwice/2007/05/latex-vs-word-vs-writer/},
}

@Misc
{
    mat_latex,
	author = {Martin ŠÍN},
	title = {LaTeX: Vytvoření písemky z matematiky},
	howpublished = {[online]},
	year = {rev. 2. června 2007},
	note = {[vid. 2021-04-19]},
	URL = {https://www.linuxexpres.cz/praxe/latex-vytvoreni-pisemky-z-matematiky},
}


@MastersThesis
{
    master_1,
	author = {Miroslav SOKOL},
	title = {Online LaTeX editor},
	school = {Vysoké učení technické v Brně. Fakulta informačních technologií. Ústav počítačové grafiky a multimédií},
	year = {2012},
	type = {Diplomová práce},
}

@MastersThesis
{
    master_2,
	author = {Barbora WYRWOLOVÁ},
	title = {Sazba matematických formulí {\LaTeX}em},
	school = {Univerzita Palackého v Olomouci. Přírodovědecká fakulta. Katedra matematické analýzy a aplikací matematiky},
	year = {2014},
	type = {Bakalářská práce},
}

@Article
{
    article_2013_1,
	author = {Jiří ZÁPOTECKÝ},
	title = {Standardizace kvality tisku},
	journal = {Typografia},
	year = {2013},
	pages = {3\,--\,4},
	ISSN = {0322-9068},
}

@Article
{
    article_2012,
    author  = {Jakub KRČ},
    title   = {Práce grafika je služba},
    journal = {TYPO},
    year    = {2012},
    volume  = {č. 50},
    ISSN    = {1214-0716},
}

@Article
{
    article_2013_2,
    author = {Jitka BÖHMOVÁ},
    title = {Používané papíry v tiskárnách},
    journal = {Typografia},
    year = {2013},
    pages = {5},
    volume = {č. 116},
    number = {5},
    ISSN = {0322-9068},
}
